@Manual{R-base,
  title = {R: A Language and Environment for Statistical Computing},
  author = {{R Core Team}},
  organization = {R Foundation for Statistical Computing},
  address = {Vienna, Austria},
  year = {2019},
  url = {https://www.R-project.org/},
}
@Manual{R-papaja,
  author = {Frederik Aust and Marius Barth},
  title = {{papaja}: {Create} {APA} manuscripts with {R Markdown}},
  year = {2018},
  note = {R package version 0.1.0.9842},
  url = {https://github.com/crsh/papaja},
}
@article{thain2005distributed,
  title={Distributed computing in practice: the Condor experience},
  author={Thain, Douglas and Tannenbaum, Todd and Livny, Miron},
  journal={Concurrency and computation: practice and experience},
  volume={17},
  number={2-4},
  pages={323--356},
  year={2005},
  publisher={Wiley Online Library}
}
@inproceedings{foster2008cloud,
  title={Cloud computing and grid computing 360-degree compared},
  author={Foster, Ian and Zhao, Yong and Raicu, Ioan and Lu, Shiyong},
  booktitle={2008 grid computing environments workshop},
  pages={1--10},
  year={2008},
  organization={Ieee}
}
@article{yu2005taxonomy,
  title={A taxonomy of workflow management systems for grid computing},
  author={Yu, Jia and Buyya, Rajkumar},
  journal={Journal of Grid Computing},
  volume={3},
  number={3-4},
  pages={171--200},
  year={2005},
  publisher={Springer}
}
@article{buyya2002economic,
  title={Economic models for resource management and scheduling in grid computing},
  author={Buyya, Rajkumar and Abramson, David and Giddy, Jonathan and Stockinger, Heinz},
  journal={Concurrency and computation: practice and experience},
  volume={14},
  number={13-15},
  pages={1507--1542},
  year={2002},
  publisher={Wiley Online Library}
}
@inproceedings{hamscher2000evaluation,
  title={Evaluation of job-scheduling strategies for grid computing},
  author={Hamscher, Volker and Schwiegelshohn, Uwe and Streit, Achim and Yahyapour, Ramin},
  booktitle={International Workshop on Grid Computing},
  pages={191--202},
  year={2000},
  organization={Springer}
}
@inproceedings{erwin2001unicore,
  title={UNICORE: A Grid computing environment},
  author={Erwin, Dietmar W and Snelling, David F},
  booktitle={European Conference on Parallel Processing},
  pages={825--834},
  year={2001},
  organization={Springer}
}
